@online{flask,
    author        = {Flask},
    url           = {http://www.flask.pocoo.org/}
}

@online{jinja2,
    author        = {Jinja2},
    url           = {http://jinja.pocoo.org/docs/dev/}
}

@online{sass,
	author		  = {SASS},
    url			  = {http://sass-lang.com/}
}

@online{nltk,
    author        = {NLTK},
    url           = {http://www.nltk.org/}
}

@online{sqllite,
    author        = {SQLite},
    url           = {http://www.sqlite.org/}
}

@online{sqlalchemy,
    organization  = "SQLAlchemy ORM",
    url           = {http://www.sqlalchemy.org/}
}

@online{flake8,
    author        = {Flake8},
    url           = {http://flake8.readthedocs.org/en/2.2.3/}
}

@online{pylint,
    author        = {pylint},
    url           = {http://www.logilab.org/857}
}

@online{pep257,
    author        = {pep257},
    url           = {https://pypi.python.org/pypi/pep257}
}

@online{nose,
    author        = {nose},
    url           = {https://nose.readthedocs.org/en/latest/}
}

@online{coverage,
    author        = {coverage},
    url           = {http://nedbatchelder.com/code/coverage/}
}

@Electronic{twitter,
    organization  = {Twitter corpus},
    url           = {http://thinknook.com/twitter-sentiment-analysis-training-corpus-dataset-2012-09-22/}
}


@online{movie_corpus,
    organization        = {Movie reviews. Bo Pang, Cornell University, Ithaca},
    url           = {http://www.cs.cornell.edu/people/pabo/movie-review-data/}
}



@online{cprofile,
	author 		= {cProfile},
    url 		= {https://docs.python.org/3/library/profile.html}
}
